<?xml version="1.0" encoding="UTF-8"?><collection xmlns="http://www.loc.gov/MARC21/slim"><record><leader>00504nam--2200193-i-4500</leader><controlfield tag="001">000012673</controlfield><controlfield tag="002">20161230</controlfield><controlfield tag="005">20161230201029</controlfield><controlfield tag="008">060222s1000------------r-----000-0-eng-d</controlfield><datafield ind1=" " ind2=" " tag="020"><subfield code="a">012196650X</subfield></datafield><datafield ind1=" " ind2=" " tag="040"><subfield code="a">IFIN-HH</subfield></datafield><datafield ind1=" " ind2=" " tag="080"><subfield code="a">537.311.322:621.315.59</subfield></datafield><datafield ind1="1" ind2=" " tag="100"><subfield code="a">Cutler, Melvin</subfield></datafield><datafield ind1="1" ind2="0" tag="245"><subfield code="a">Liquid semiconductors</subfield><subfield code="c">Melvin cutler</subfield></datafield><datafield ind1=" " ind2=" " tag="260"><subfield code="a">New York</subfield><subfield code="b">Academic Press</subfield><subfield code="c">1977</subfield></datafield><datafield ind1=" " ind2=" " tag="300"><subfield code="a">IX+226P</subfield></datafield><datafield ind1=" " ind2=" " tag="650"><subfield code="a">Liquid Semiconductors</subfield></datafield><datafield ind1=" " ind2=" " tag="852"><subfield code="a">45969</subfield><subfield code="c">537.311.33</subfield></datafield><datafield ind1=" " ind2=" " tag="CAT"><subfield code="a">Sys</subfield><subfield code="c">20110725</subfield><subfield code="h">134927</subfield></datafield></record></collection>